<?xml version="1.0" encoding="UTF-8"?>
<!DOCTYPE html PUBLIC "-//W3C//DTD XHTML 1.0 Transitional//EN"
    "http://www.w3.org/TR/xhtml1/DTD/xhtml1-transitional.dtd">
<html xmlns="http://www.w3.org/1999/xhtml" xml:lang="en" lang="en">
 <head>
  <title>
</title>
<meta http-equiv="Content-Type" content="text/html;charset=utf-8" />
  <meta name='ocr-system' content='tesseract 3.04.00' />
  <meta name='ocr-capabilities' content='ocr_page ocr_carea ocr_par ocr_line ocrx_word'/>
</head>
<body>
  <div class='ocr_page' id='page_1' title='image "./florulaeinsular01forsgoog_0164.png"; bbox 0 0 2528 4448; ppageno 0'>
   <div class='ocr_carea' id='block_1_1' title="bbox 80 279 731 393">
    <p class='ocr_par' dir='ltr' id='par_1_1' title="bbox 80 279 731 428">
     <span class='ocr_line' id='line_1_1' title="bbox 80 279 731 393; baseline 0.003 -55"><span class='ocrx_word' id='word_1_1' title='bbox 80 300 176 389; x_wconf 51' lang='lat'><strong>50</strong></span> <span class='ocrx_word' id='word_1_2' title='bbox 513 279 731 393; x_wconf 38' lang='lat' dir='ltr'><em>Q</em></span> 
     </span>
    </p>
   </div>
   <div class='ocr_carea' id='block_1_2' title="bbox 85 471 1106 780">
    <p class='ocr_par' dir='ltr' id='par_1_2' title="bbox 85 471 1106 780">
     <span class='ocr_line' id='line_1_2' title="bbox 85 471 1106 574; baseline -0.001 -22"><span class='ocrx_word' id='word_1_3' title='bbox 85 523 92 533; x_wconf 46' lang='grc' dir='ltr'><em>ι</em></span> <span class='ocrx_word' id='word_1_4' title='bbox 120 479 193 553; x_wconf 86' lang='lat' dir='ltr'><strong>tabu</strong></span> <span class='ocrx_word' id='word_1_5' title='bbox 202 505 218 569; x_wconf 79' lang='grc'><strong>,·</strong></span> <span class='ocrx_word' id='word_1_6' title='bbox 234 480 412 550; x_wconf 83' lang='lat' dir='ltr'><strong>amicorum</strong></span> <span class='ocrx_word' id='word_1_7' title='bbox 430 471 534 549; x_wconf 84' lang='lat' dir='ltr'><strong>insula</strong></span> <span class='ocrx_word' id='word_1_8' title='bbox 549 482 663 574; x_wconf 84' lang='lat' dir='ltr'><strong>reperit</strong></span> <span class='ocrx_word' id='word_1_9' title='bbox 677 476 822 550; x_wconf 86' lang='lat' dir='ltr'><strong>Cookius</strong></span> <span class='ocrx_word' id='word_1_10' title='bbox 839 471 925 571; x_wconf 84' lang='lat' dir='ltr'><strong>(vide</strong></span> <span class='ocrx_word' id='word_1_11' title='bbox 938 481 1019 553; x_wconf 88' lang='lat' dir='ltr'><strong>ltin.</strong></span> <span class='ocrx_word' id='word_1_12' title='bbox 1039 504 1106 551; x_wconf 91' lang='lat' dir='ltr'><strong>no·</strong></span> 
     </span>
     <span class='ocr_line' id='line_1_3' title="bbox 109 576 1104 682; baseline 0.002 -29"><span class='ocrx_word' id='word_1_13' title='bbox 109 576 188 661; x_wconf 69' lang='lat' dir='ltr'><strong>niis.</strong></span> <span class='ocrx_word' id='word_1_14' title='bbox 213 579 288 663; x_wconf 88' lang='lat' dir='ltr'><strong>Vol.</strong></span> <span class='ocrx_word' id='word_1_15' title='bbox 312 583 340 651; x_wconf 83' lang='lat'><strong>1.</strong></span> <span class='ocrx_word' id='word_1_16' title='bbox 361 603 390 674; x_wconf 83' lang='lat' dir='ltr'><strong>p.</strong></span> <span class='ocrx_word' id='word_1_17' title='bbox 414 579 515 676; x_wconf 78' lang='lat'><em>332.)</em></span> <span class='ocrx_word' id='word_1_18' title='bbox 535 578 649 648; x_wconf 86' lang='lat' dir='ltr'><strong>incolis</strong></span> <span class='ocrx_word' id='word_1_19' title='bbox 672 583 734 651; x_wconf 71' lang='grc' dir='ltr'><strong>Βία</strong></span> <span class='ocrx_word' id='word_1_20' title='bbox 758 580 895 667; x_wconf 73' lang='lat' dir='ltr'><strong>dissum,</strong></span> <span class='ocrx_word' id='word_1_21' title='bbox 916 586 977 682; x_wconf 88' lang='lat' dir='ltr'><strong>qui</strong></span> <span class='ocrx_word' id='word_1_22' title='bbox 999 605 1104 655; x_wconf 76' lang='lat' dir='ltr'><strong>nuces</strong></span> 
     </span>
     <span class='ocr_line' id='line_1_4' title="bbox 125 677 873 780; baseline 0 -24"><span class='ocrx_word' id='word_1_23' title='bbox 125 688 194 756; x_wconf 81' lang='lat' dir='ltr'><strong>cius</strong></span> <span class='ocrx_word' id='word_1_24' title='bbox 208 677 355 780; x_wconf 84' lang='lat' dir='ltr'><strong>globoias</strong></span> <span class='ocrx_word' id='word_1_25' title='bbox 367 677 513 779; x_wconf 68' lang='lat' dir='ltr'><strong>,parvulo</strong></span> <span class='ocrx_word' id='word_1_26' title='bbox 528 684 611 751; x_wconf 86' lang='lat' dir='ltr'><strong>inter</strong></span> <span class='ocrx_word' id='word_1_27' title='bbox 625 678 729 751; x_wconf 84' lang='lat' dir='ltr'><strong>edulia</strong></span> <span class='ocrx_word' id='word_1_28' title='bbox 744 681 873 770; x_wconf 74' lang='lat' dir='ltr'><strong>babent.</strong></span> 
     </span>
    </p>
   </div>
   <div class='ocr_carea' id='block_1_3' title="bbox 119 874 933 1031">
    <p class='ocr_par' dir='ltr' id='par_1_3' title="bbox 119 874 933 1046">
     <span class='ocr_line' id='line_1_5' title="bbox 119 874 933 1031; baseline 0.002 -21"><span class='ocrx_word' id='word_1_29' title='bbox 119 947 168 1018; x_wconf 57' lang='lat' dir='ltr'><strong>18ss</strong></span> <span class='ocrx_word' id='word_1_30' title='bbox 186 889 392 1012; x_wconf 75' lang='lat' dir='ltr'><strong>runcinus</strong></span> <span class='ocrx_word' id='word_1_31' title='bbox 405 953 542 1009; x_wconf 77' lang='lat' dir='ltr'><strong>novus.</strong></span> <span class='ocrx_word' id='word_1_32' title='bbox 569 930 610 1007; x_wconf 85' lang='lat' dir='ltr'><strong>F.</strong></span> <span class='ocrx_word' id='word_1_33' title='bbox 626 933 719 1009; x_wconf 87' lang='lat' dir='ltr'><strong>MS.</strong></span> <span class='ocrx_word' id='word_1_34' title='bbox 736 931 787 1015; x_wconf 95' lang='lat' dir='ltr'><em>V</em></span> <span class='ocrx_word' id='word_1_35' title='bbox 799 955 839 1030; x_wconf 85' lang='lat' dir='ltr'><strong>p.</strong></span> <span class='ocrx_word' id='word_1_36' title='bbox 848 874 933 1031; x_wconf 73' lang='lat'><em>408.</em></span> 
     </span>
    </p>
   </div>
   <div class='ocr_carea' id='block_1_4' title="bbox 65 1078 1122 1884">
    <p class='ocr_par' dir='ltr' id='par_1_4' title="bbox 65 1078 1122 1884">
     <span class='ocr_line' id='line_1_6' title="bbox 65 1078 1099 1176; baseline 0.003 -21"><span class='ocrx_word' id='word_1_37' title='bbox 65 1096 68 1108; x_wconf 92' lang='lat'>&#39;</span> <span class='ocrx_word' id='word_1_38' title='bbox 195 1078 400 1176; x_wconf 82' lang='lat' dir='ltr'><strong>Taheiteuses</strong></span> <span class='ocrx_word' id='word_1_39' title='bbox 419 1085 509 1154; x_wconf 89' lang='lat' dir='ltr'><strong>huius</strong></span> <span class='ocrx_word' id='word_1_40' title='bbox 531 1081 648 1154; x_wconf 85' lang='lat' dir='ltr'><strong>arboris</strong></span> <span class='ocrx_word' id='word_1_41' title='bbox 673 1081 813 1154; x_wconf 73' lang='lat' dir='ltr'><strong>sordimn</strong></span> <span class='ocrx_word' id='word_1_42' title='bbox 835 1088 939 1157; x_wconf 73' lang='lat' dir='ltr'><strong>[tarta&#39;</strong></span> <span class='ocrx_word' id='word_1_43' title='bbox 957 1101 1099 1174; x_wconf 84' lang='lat' dir='ltr'><strong>vocant,</strong></span> 
     </span>
     <span class='ocr_line' id='line_1_7' title="bbox 120 1180 1096 1286; baseline -0.004 -25"><span class='ocrx_word' id='word_1_44' title='bbox 120 1180 220 1286; x_wconf 84' lang='lat' dir='ltr'><strong>ipsam</strong></span> <span class='ocrx_word' id='word_1_45' title='bbox 243 1187 387 1257; x_wconf 83' lang='lat' dir='ltr'>arborem</span> <span class='ocrx_word' id='word_1_46' title='bbox 411 1189 457 1256; x_wconf 84' lang='lat' dir='ltr'><strong>Hi</strong></span> <span class='ocrx_word' id='word_1_47' title='bbox 479 1184 656 1283; x_wconf 77' lang='lat' dir='ltr'><strong>appellant,</strong></span> <span class='ocrx_word' id='word_1_48' title='bbox 689 1181 815 1284; x_wconf 79' lang='lat' dir='ltr'><strong>quoda</strong></span> <span class='ocrx_word' id='word_1_49' title='bbox 837 1209 916 1256; x_wconf 87' lang='lat' dir='ltr'><strong>voce</strong></span> <span class='ocrx_word' id='word_1_50' title='bbox 938 1185 980 1281; x_wconf 85' lang='lat' dir='ltr'><strong>If</strong></span> <span class='ocrx_word' id='word_1_51' title='bbox 990 1185 1096 1284; x_wconf 40' lang='lat' dir='ltr'><strong>&#39;apud</strong></span> 
     </span>
     <span class='ocr_line' id='line_1_8' title="bbox 121 1282 1097 1386; baseline -0.005 -25"><span class='ocrx_word' id='word_1_52' title='bbox 121 1291 288 1386; x_wconf 86' lang='lat' dir='ltr'><strong>Papuanos</strong></span> <span class='ocrx_word' id='word_1_53' title='bbox 312 1292 344 1358; x_wconf 89' lang='lat' dir='ltr'><strong>in</strong></span> <span class='ocrx_word' id='word_1_54' title='bbox 366 1288 460 1380; x_wconf 88' lang='lat' dir='ltr'><strong>Nova</strong></span> <span class='ocrx_word' id='word_1_55' title='bbox 475 1289 598 1359; x_wconf 87' lang='lat' dir='ltr'><strong>Guinea</strong></span> <span class='ocrx_word' id='word_1_56' title='bbox 612 1282 720 1356; x_wconf 80' lang='lat' dir='ltr'><strong>usitata</strong></span> <span class='ocrx_word' id='word_1_57' title='bbox 741 1310 811 1356; x_wconf 87' lang='lat' dir='ltr'><strong>nou</strong></span> <span class='ocrx_word' id='word_1_58' title='bbox 823 1282 1002 1356; x_wconf 88' lang='lat' dir='ltr'><strong>admodum</strong></span> <span class='ocrx_word' id='word_1_59' title='bbox 1026 1283 1097 1378; x_wconf 81' lang='lat' dir='ltr'><strong>dis·</strong></span> 
     </span>
     <span class='ocr_line' id='line_1_9' title="bbox 65 1370 1096 1485; baseline 0 -23"><span class='ocrx_word' id='word_1_60' title='bbox 65 1437 67 1441; x_wconf 94' lang='lat'>-</span> <span class='ocrx_word' id='word_1_61' title='bbox 121 1384 202 1484; x_wconf 80' lang='lat' dir='ltr'><strong>fert3</strong></span> <span class='ocrx_word' id='word_1_62' title='bbox 228 1412 322 1459; x_wconf 84' lang='lat' dir='ltr'><strong>nuces</strong></span> <span class='ocrx_word' id='word_1_63' title='bbox 341 1387 380 1460; x_wconf 88' lang='lat' dir='ltr'><em>E</em></span> <span class='ocrx_word' id='word_1_64' title='bbox 384 1423 395 1442; x_wconf 89' lang='lat'><strong>·</strong></span> <span class='ocrx_word' id='word_1_65' title='bbox 422 1387 476 1480; x_wconf 78' lang='lat' dir='ltr'><strong>ifi,</strong></span> <span class='ocrx_word' id='word_1_66' title='bbox 502 1412 577 1485; x_wconf 79' lang='lat' dir='ltr'><strong>quas</strong></span> <span class='ocrx_word' id='word_1_67' title='bbox 587 1370 751 1467; x_wconf 69' lang='lat' dir='ltr'><strong>.&#39;Cooltius</strong></span> <span class='ocrx_word' id='word_1_68' title='bbox 782 1393 816 1456; x_wconf 90' lang='lat' dir='ltr'><strong>io</strong></span> <span class='ocrx_word' id='word_1_69' title='bbox 840 1377 1012 1483; x_wconf 81' lang='lat' dir='ltr'><strong>novissimo</strong></span> <span class='ocrx_word' id='word_1_70' title='bbox 1038 1395 1096 1462; x_wconf 84' lang='lat' dir='ltr'><strong>iti·</strong></span> 
     </span>
     <span class='ocr_line' id='line_1_10' title="bbox 121 1485 1093 1586; baseline -0.006 -24"><span class='ocrx_word' id='word_1_71' title='bbox 121 1513 197 1562; x_wconf 84' lang='lat' dir='ltr'><strong>uere</strong></span> <span class='ocrx_word' id='word_1_72' title='bbox 214 1489 317 1562; x_wconf 84' lang='lat' dir='ltr'><strong>Tom.</strong></span> <span class='ocrx_word' id='word_1_73' title='bbox 335 1495 357 1564; x_wconf 78' lang='lat' dir='ltr'><strong>i.</strong></span> <span class='ocrx_word' id='word_1_74' title='bbox 367 1513 396 1584; x_wconf 89' lang='lat' dir='ltr'><strong>p.</strong></span> <span class='ocrx_word' id='word_1_75' title='bbox 406 1513 476 1580; x_wconf 82' lang='lat'><em>393.</em></span> <span class='ocrx_word' id='word_1_76' title='bbox 484 1507 729 1569; x_wconf 82' lang='lat' dir='ltr'><strong>commemorat,</strong></span> <span class='ocrx_word' id='word_1_77' title='bbox 750 1485 788 1556; x_wconf 89' lang='lat' dir='ltr'><strong>ad</strong></span> <span class='ocrx_word' id='word_1_78' title='bbox 798 1492 987 1586; x_wconf 82' lang='lat' dir='ltr'><strong>{nocarpum</strong></span> <span class='ocrx_word' id='word_1_79' title='bbox 999 1515 1093 1586; x_wconf 87' lang='lat' dir='ltr'><strong>quo·</strong></span> 
     </span>
     <span class='ocr_line' id='line_1_11' title="bbox 148 1583 1093 1685; baseline 0.003 -26"><span class='ocrx_word' id='word_1_80' title='bbox 148 1616 184 1659; x_wconf 86' lang='lat' dir='ltr'><strong>ue</strong></span> <span class='ocrx_word' id='word_1_81' title='bbox 201 1588 310 1685; x_wconf 84' lang='lat' dir='ltr'><strong>procus</strong></span> <span class='ocrx_word' id='word_1_82' title='bbox 325 1583 536 1663; x_wconf 77' lang='lat' dir='ltr'><strong>dubiornserri</strong></span> <span class='ocrx_word' id='word_1_83' title='bbox 550 1589 678 1662; x_wconf 83' lang='lat' dir='ltr'><strong>debent.</strong></span> <span class='ocrx_word' id='word_1_84' title='bbox 729 1588 848 1658; x_wconf 84' lang='lat' dir='ltr'><strong>Earum</strong></span> <span class='ocrx_word' id='word_1_85' title='bbox 864 1588 991 1660; x_wconf 85' lang='lat' dir='ltr'><strong>nucleus</strong></span> <span class='ocrx_word' id='word_1_86' title='bbox 1001 1595 1093 1662; x_wconf 82' lang='lat' dir='ltr'><strong>reni-</strong></span> 
     </span>
     <span class='ocr_line' id='line_1_12' title="bbox 120 1614 1092 1787; baseline 0.003 -26"><span class='ocrx_word' id='word_1_87' title='bbox 120 1614 252 1778; x_wconf 77' lang='lat' dir='ltr'><strong>sortiris⁷</strong></span> <span class='ocrx_word' id='word_1_88' title='bbox 274 1681 467 1787; x_wconf 86' lang='lat' dir='ltr'><strong>compressus</strong></span> <span class='ocrx_word' id='word_1_89' title='bbox 478 1704 498 1774; x_wconf 80' lang='lat'><strong>‚&#39;</strong></span> <span class='ocrx_word' id='word_1_90' title='bbox 513 1687 672 1786; x_wconf 78' lang='lat' dir='ltr'><strong>polliceris</strong></span> <span class='ocrx_word' id='word_1_91' title='bbox 687 1695 808 1762; x_wconf 83' lang='lat' dir='ltr'>circiter</span> <span class='ocrx_word' id='word_1_92' title='bbox 819 1688 985 1776; x_wconf 80' lang='lat' dir='ltr'><strong>diametri,</strong></span> <span class='ocrx_word' id='word_1_93' title='bbox 1008 1687 1092 1764; x_wconf 78' lang='lat' dir='ltr'><strong>affa-</strong></span> 
     </span>
     <span class='ocr_line' id='line_1_13' title="bbox 119 1786 1122 1884; baseline 0 -19"><span class='ocrx_word' id='word_1_94' title='bbox 119 1809 169 1867; x_wconf 89' lang='lat' dir='ltr'><strong>tus</strong></span> <span class='ocrx_word' id='word_1_95' title='bbox 179 1812 210 1861; x_wconf 90' lang='lat' dir='ltr'><strong>et</strong></span> <span class='ocrx_word' id='word_1_96' title='bbox 227 1789 431 1862; x_wconf 86' lang='lat' dir='ltr'><strong>decorticatos</strong></span> <span class='ocrx_word' id='word_1_97' title='bbox 447 1793 485 1861; x_wconf 91' lang='lat' dir='ltr'><strong>ab</strong></span> <span class='ocrx_word' id='word_1_98' title='bbox 499 1786 669 1861; x_wconf 87' lang='lat' dir='ltr'><strong>insularum</strong></span> <span class='ocrx_word' id='word_1_99' title='bbox 685 1793 859 1876; x_wconf 81' lang='lat' dir='ltr'><strong>societatis,</strong></span> <span class='ocrx_word' id='word_1_100' title='bbox 884 1795 1091 1884; x_wconf 75' lang='lat' dir='ltr'><strong>Amicorum,</strong></span> <span class='ocrx_word' id='word_1_101' title='bbox 1120 1821 1122 1825; x_wconf 69' lang='grc'>’</span> 
     </span>
    </p>
   </div>
   <div class='ocr_carea' id='block_1_5' title="bbox 13 1891 1091 1990">
    <p class='ocr_par' dir='ltr' id='par_1_5' title="bbox 13 1891 1091 1990">
     <span class='ocr_line' id='line_1_14' title="bbox 13 1891 1091 1990; baseline 0.001 -23"><span class='ocrx_word' id='word_1_102' title='bbox 13 1983 17 1990; x_wconf 24' lang='lat'><strong><em>¹</em></strong></span> <span class='ocrx_word' id='word_1_103' title='bbox 122 1894 337 1979; x_wconf 83' lang='lat' dir='ltr'><strong>marchionis,</strong></span> <span class='ocrx_word' id='word_1_104' title='bbox 366 1917 519 1964; x_wconf 87' lang='lat' dir='ltr'><strong>novarum</strong></span> <span class='ocrx_word' id='word_1_105' title='bbox 546 1891 740 1974; x_wconf 79' lang='lat' dir='ltr'><strong>Hebridum‚</strong></span> <span class='ocrx_word' id='word_1_106' title='bbox 765 1915 866 1961; x_wconf 82' lang='lat' dir='ltr'><strong>novae</strong></span> <span class='ocrx_word' id='word_1_107' title='bbox 887 1894 1032 1966; x_wconf 88' lang='lat' dir='ltr'><strong>Guineae</strong></span> <span class='ocrx_word' id='word_1_108' title='bbox 1056 1915 1091 1968; x_wconf 81' lang='lat' dir='ltr'><strong>et</strong></span> 
     </span>
    </p>
   </div>
   <div class='ocr_carea' id='block_1_6' title="bbox 14 1990 1123 3705">
    <p class='ocr_par' dir='ltr' id='par_1_6' title="bbox 14 1990 1123 3705">
     <span class='ocr_line' id='line_1_15' title="bbox 122 1990 1091 2088; baseline 0 -21"><span class='ocrx_word' id='word_1_109' title='bbox 122 1993 341 2068; x_wconf 84' lang='lat' dir='ltr'><strong>moluccamm</strong></span> <span class='ocrx_word' id='word_1_110' title='bbox 359 1994 471 2065; x_wconf 87' lang='lat' dir='ltr'><strong>incolis</strong></span> <span class='ocrx_word' id='word_1_111' title='bbox 487 1991 676 2064; x_wconf 80' lang='lat' dir='ltr'>comeditur.</span> <span class='ocrx_word' id='word_1_112' title='bbox 734 1990 893 2088; x_wconf 81' lang='lat' dir='ltr'><strong>Nostrates</strong></span> <span class='ocrx_word' id='word_1_113' title='bbox 915 1995 998 2066; x_wconf 89' lang='lat' dir='ltr'><strong>hanc</strong></span> <span class='ocrx_word' id='word_1_114' title='bbox 1025 2022 1091 2068; x_wconf 86' lang='lat' dir='ltr'><strong>nu·</strong></span> 
     </span>
     <span class='ocr_line' id='line_1_16' title="bbox 122 2088 1090 2189; baseline 0.002 -22"><span class='ocrx_word' id='word_1_115' title='bbox 122 2119 194 2167; x_wconf 85' lang='lat' dir='ltr'><strong>cem</strong></span> <span class='ocrx_word' id='word_1_116' title='bbox 216 2092 425 2164; x_wconf 77' lang='lat' dir='ltr'><strong>castanearum</strong></span> <span class='ocrx_word' id='word_1_117' title='bbox 443 2093 519 2165; x_wconf 90' lang='lat' dir='ltr'><strong>soco</strong></span> <span class='ocrx_word' id='word_1_118' title='bbox 535 2092 707 2178; x_wconf 66' lang='lat' dir='ltr'><strong>habebantt</strong></span> <span class='ocrx_word' id='word_1_119' title='bbox 729 2088 820 2189; x_wconf 86' lang='lat' dir='ltr'><strong>sapor</strong></span> <span class='ocrx_word' id='word_1_120' title='bbox 846 2114 953 2166; x_wconf 88' lang='lat' dir='ltr'><strong>tamen</strong></span> <span class='ocrx_word' id='word_1_121' title='bbox 973 2088 1090 2169; x_wconf 77' lang='lat' dir='ltr'><strong>ininua</strong></span> 
     </span>
     <span class='ocr_line' id='line_1_17' title="bbox 145 2191 1090 2283; baseline 0.006 -17"><span class='ocrx_word' id='word_1_122' title='bbox 145 2213 227 2266; x_wconf 84' lang='lat' dir='ltr'><strong>ratus</strong></span> <span class='ocrx_word' id='word_1_123' title='bbox 243 2192 301 2280; x_wconf 81' lang='lat' dir='ltr'><strong>ess,</strong></span> <span class='ocrx_word' id='word_1_124' title='bbox 325 2194 398 2268; x_wconf 85' lang='lat' dir='ltr'><strong>licet</strong></span> <span class='ocrx_word' id='word_1_125' title='bbox 414 2192 612 2283; x_wconf 79' lang='lat' dir='ltr'><strong>dulcesceus3</strong></span> <span class='ocrx_word' id='word_1_126' title='bbox 628 2191 799 2281; x_wconf 18' lang='lat' dir='ltr'><strong>*substantia</strong></span> <span class='ocrx_word' id='word_1_127' title='bbox 814 2192 949 2283; x_wconf 71' lang='lat' dir='ltr'><strong>durior,</strong></span> <span class='ocrx_word' id='word_1_128' title='bbox 976 2204 1090 2271; x_wconf 84' lang='lat' dir='ltr'><strong>minus</strong></span> 
     </span>
     <span class='ocr_line' id='line_1_18' title="bbox 121 2222 1090 2388; baseline 0.004 -20"><span class='ocrx_word' id='word_1_129' title='bbox 121 2222 276 2388; x_wconf 83' lang='lat' dir='ltr'><strong>sarinosa,</strong></span> <span class='ocrx_word' id='word_1_130' title='bbox 300 2298 477 2370; x_wconf 85' lang='lat' dir='ltr'><strong>ventriculo</strong></span> <span class='ocrx_word' id='word_1_131' title='bbox 501 2295 644 2384; x_wconf 81' lang='lat' dir='ltr'><strong>debiliori</strong></span> <span class='ocrx_word' id='word_1_132' title='bbox 665 2320 734 2366; x_wconf 89' lang='lat' dir='ltr'><strong>non</strong></span> <span class='ocrx_word' id='word_1_133' title='bbox 765 2293 924 2368; x_wconf 88' lang='lat' dir='ltr'>conducit.</span> <span class='ocrx_word' id='word_1_134' title='bbox 994 2301 1090 2373; x_wconf 88' lang='lat' dir='ltr'><strong>Vires</strong></span> 
     </span>
     <span class='ocr_line' id='line_1_19' title="bbox 38 2392 1091 2497; baseline 0.007 -31"><span class='ocrx_word' id='word_1_135' title='bbox 38 2428 40 2439; x_wconf 54' lang='lat'><strong>⁴</strong></span> <span class='ocrx_word' id='word_1_136' title='bbox 122 2397 253 2497; x_wconf 81' lang='lat' dir='ltr'><strong>plantae</strong></span> <span class='ocrx_word' id='word_1_137' title='bbox 275 2415 308 2469; x_wconf 86' lang='lat' dir='ltr'><strong>et</strong></span> <span class='ocrx_word' id='word_1_138' title='bbox 331 2399 509 2495; x_wconf 83' lang='lat' dir='ltr'><strong>pracsertim</strong></span> <span class='ocrx_word' id='word_1_139' title='bbox 540 2402 665 2468; x_wconf 86' lang='lat' dir='ltr'><strong>corticis</strong></span> <span class='ocrx_word' id='word_1_140' title='bbox 691 2392 933 2495; x_wconf 79' lang='lat' dir='ltr'><strong>adstringentes,</strong></span> <span class='ocrx_word' id='word_1_141' title='bbox 974 2397 1091 2490; x_wconf 77' lang='lat' dir='ltr'><strong>alvum</strong></span> 
     </span>
     <span class='ocr_line' id='line_1_20' title="bbox 23 2493 1089 2596; baseline 0.005 -27"><span class='ocrx_word' id='word_1_142' title='bbox 23 2522 27 2526; x_wconf 85' lang='lat'>·</span> <span class='ocrx_word' id='word_1_143' title='bbox 122 2495 305 2594; x_wconf 83' lang='lat' dir='ltr'><strong>obssipnnt,</strong></span> <span class='ocrx_word' id='word_1_144' title='bbox 339 2516 370 2569; x_wconf 86' lang='lat' dir='ltr'><strong>et</strong></span> <span class='ocrx_word' id='word_1_145' title='bbox 398 2493 606 2590; x_wconf 81' lang='lat' dir='ltr'><strong>dysenteriam</strong></span> <span class='ocrx_word' id='word_1_146' title='bbox 631 2493 755 2583; x_wconf 77' lang='lat' dir='ltr'><strong>sistunt3</strong></span> <span class='ocrx_word' id='word_1_147' title='bbox 793 2523 888 2596; x_wconf 82' lang='lat' dir='ltr'><strong>quare</strong></span> <span class='ocrx_word' id='word_1_148' title='bbox 913 2502 1012 2570; x_wconf 83' lang='lat' dir='ltr'><strong>etiam</strong></span> <span class='ocrx_word' id='word_1_149' title='bbox 1046 2499 1089 2575; x_wconf 86' lang='lat' dir='ltr'><strong>ad</strong></span> 
     </span>
     <span class='ocr_line' id='line_1_21' title="bbox 14 2593 1092 2700; baseline 0.005 -31"><span class='ocrx_word' id='word_1_150' title='bbox 14 2627 17 2636; x_wconf 54' lang='lat'><strong><em>¹</em></strong></span> <span class='ocrx_word' id='word_1_151' title='bbox 120 2593 206 2669; x_wconf 84' lang='lat' dir='ltr'><strong>bunc</strong></span> <span class='ocrx_word' id='word_1_152' title='bbox 224 2593 353 2693; x_wconf 89' lang='lat' dir='ltr'><strong>scopum</strong></span> <span class='ocrx_word' id='word_1_153' title='bbox 362 2603 397 2668; x_wconf 89' lang='lat' dir='ltr'><strong>in</strong></span> <span class='ocrx_word' id='word_1_154' title='bbox 409 2593 601 2670; x_wconf 87' lang='lat' dir='ltr'><strong>nosocomio</strong></span> <span class='ocrx_word' id='word_1_155' title='bbox 609 2596 805 2671; x_wconf 84' lang='lat' dir='ltr'><strong>amboinenfi</strong></span> <span class='ocrx_word' id='word_1_156' title='bbox 813 2598 977 2671; x_wconf 68' lang='lat' dir='ltr'><strong>decussum</strong></span> <span class='ocrx_word' id='word_1_157' title='bbox 985 2625 1092 2700; x_wconf 80' lang='lat' dir='ltr'><strong>aquo-</strong></span> 
     </span>
     <span class='ocr_line' id='line_1_22' title="bbox 121 2690 1093 2800; baseline 0.005 -31"><span class='ocrx_word' id='word_1_158' title='bbox 121 2690 192 2773; x_wconf 81' lang='lat' dir='ltr'><strong>ssun</strong></span> <span class='ocrx_word' id='word_1_159' title='bbox 208 2704 332 2770; x_wconf 88' lang='lat' dir='ltr'><strong>corticis</strong></span> <span class='ocrx_word' id='word_1_160' title='bbox 344 2700 453 2778; x_wconf 89' lang='lat' dir='ltr'><strong>crebro</strong></span> <span class='ocrx_word' id='word_1_161' title='bbox 474 2699 658 2784; x_wconf 75' lang='lat' dir='ltr'><strong>adhibetur,</strong></span> <span class='ocrx_word' id='word_1_162' title='bbox 686 2696 759 2770; x_wconf 84' lang='lat' dir='ltr'><strong>teste</strong></span> <span class='ocrx_word' id='word_1_163' title='bbox 783 2700 968 2800; x_wconf 83' lang='lat' dir='ltr'><strong>Rumphio;</strong></span> <span class='ocrx_word' id='word_1_164' title='bbox 1012 2703 1093 2780; x_wconf 63' lang='lat' dir='ltr'><strong>sica</strong></span> 
     </span>
     <span class='ocr_line' id='line_1_23' title="bbox 122 2795 1091 2901; baseline -0.001 -28"><span class='ocrx_word' id='word_1_165' title='bbox 122 2799 188 2873; x_wconf 89' lang='lat' dir='ltr'><strong>hoc</strong></span> <span class='ocrx_word' id='word_1_166' title='bbox 204 2795 414 2872; x_wconf 84' lang='lat' dir='ltr'><strong>medicamine</strong></span> <span class='ocrx_word' id='word_1_167' title='bbox 429 2825 596 2898; x_wconf 83' lang='lat' dir='ltr'><strong>aegrorum</strong></span> <span class='ocrx_word' id='word_1_168' title='bbox 612 2803 675 2871; x_wconf 72' lang='lat' dir='ltr'><strong>dita</strong></span> <span class='ocrx_word' id='word_1_169' title='bbox 690 2799 854 2898; x_wconf 80' lang='lat' dir='ltr'><strong>periclitari</strong></span> <span class='ocrx_word' id='word_1_170' title='bbox 871 2807 1091 2901; x_wconf 81' lang='lat' dir='ltr'><strong>potiusquam</strong></span> 
     </span>
     <span class='ocr_line' id='line_1_24' title="bbox 122 2895 1090 3000; baseline 0 -26"><span class='ocrx_word' id='word_1_171' title='bbox 122 2895 235 2974; x_wconf 75' lang='lat' dir='ltr'><strong>sanitas</strong></span> <span class='ocrx_word' id='word_1_172' title='bbox 260 2898 421 2972; x_wconf 80' lang='lat' dir='ltr'><strong>restaurari</strong></span> <span class='ocrx_word' id='word_1_173' title='bbox 445 2902 593 2976; x_wconf 81' lang='lat' dir='ltr'><strong>videatur.</strong></span> <span class='ocrx_word' id='word_1_174' title='bbox 646 2898 787 2998; x_wconf 89' lang='lat' dir='ltr'><strong>Papuani</strong></span> <span class='ocrx_word' id='word_1_175' title='bbox 815 2898 911 2974; x_wconf 81' lang='lat' dir='ltr'><strong>strcco</strong></span> <span class='ocrx_word' id='word_1_176' title='bbox 941 2911 1090 3000; x_wconf 78' lang='lat' dir='ltr'><strong>expresso</strong></span> 
     </span>
     <span class='ocr_line' id='line_1_25' title="bbox 31 2997 1123 3101; baseline 0.012 -33"><span class='ocrx_word' id='word_1_177' title='bbox 31 3087 36 3098; x_wconf 29' lang='grc'>1</span> <span class='ocrx_word' id='word_1_178' title='bbox 123 2997 301 3101; x_wconf 82' lang='lat' dir='ltr'><strong>glutinoso,</strong></span> <span class='ocrx_word' id='word_1_179' title='bbox 322 2997 461 3072; x_wconf 87' lang='lat' dir='ltr'><strong>refiooso</strong></span> <span class='ocrx_word' id='word_1_180' title='bbox 478 3001 615 3074; x_wconf 84' lang='lat' dir='ltr'><strong>telorum</strong></span> <span class='ocrx_word' id='word_1_181' title='bbox 632 3006 734 3098; x_wconf 84' lang='lat' dir='ltr'><strong>apices</strong></span> <span class='ocrx_word' id='word_1_182' title='bbox 750 3001 927 3094; x_wconf 81' lang='lat' dir='ltr'><strong>obliniunt,</strong></span> <span class='ocrx_word' id='word_1_183' title='bbox 950 3005 1015 3074; x_wconf 88' lang='lat' dir='ltr'><strong>hoc</strong></span> <span class='ocrx_word' id='word_1_184' title='bbox 1030 3032 1091 3081; x_wconf 82' lang='lat' dir='ltr'><strong>au·</strong></span> <span class='ocrx_word' id='word_1_185' title='bbox 1117 3009 1123 3014; x_wconf 52' lang='lat'><strong>⁴</strong></span> 
     </span>
     <span class='ocr_line' id='line_1_26' title="bbox 124 3099 1092 3201; baseline 0.01 -30"><span class='ocrx_word' id='word_1_186' title='bbox 124 3118 191 3174; x_wconf 81' lang='lat' dir='ltr'><strong>tem</strong></span> <span class='ocrx_word' id='word_1_187' title='bbox 206 3100 316 3200; x_wconf 86' lang='lat' dir='ltr'><strong>gluten</strong></span> <span class='ocrx_word' id='word_1_188' title='bbox 332 3099 538 3173; x_wconf 77' lang='lat' dir='ltr'><strong>exsiccatione</strong></span> <span class='ocrx_word' id='word_1_189' title='bbox 552 3111 681 3201; x_wconf 83' lang='lat' dir='ltr'><strong>nigrum</strong></span> <span class='ocrx_word' id='word_1_190' title='bbox 702 3100 846 3175; x_wconf 86' lang='lat' dir='ltr'><strong>colorem</strong></span> <span class='ocrx_word' id='word_1_191' title='bbox 871 3100 979 3175; x_wconf 87' lang='lat' dir='ltr'><strong>induit.</strong></span> <span class='ocrx_word' id='word_1_192' title='bbox 1007 3107 1092 3182; x_wconf 86' lang='lat' dir='ltr'><strong>Fot-</strong></span> 
     </span>
     <span class='ocr_line' id='line_1_27' title="bbox 124 3193 1120 3302; baseline 0.007 -31"><span class='ocrx_word' id='word_1_193' title='bbox 124 3218 157 3272; x_wconf 83' lang='lat' dir='ltr'><strong>te</strong></span> <span class='ocrx_word' id='word_1_194' title='bbox 172 3221 203 3272; x_wconf 87' lang='lat' dir='ltr'><strong>ct</strong></span> <span class='ocrx_word' id='word_1_195' title='bbox 226 3199 397 3274; x_wconf 76' lang='lat' dir='ltr'><strong>resinosum</strong></span> <span class='ocrx_word' id='word_1_196' title='bbox 417 3202 518 3290; x_wconf 80' lang='lat' dir='ltr'><strong>iliud,</strong></span> <span class='ocrx_word' id='word_1_197' title='bbox 551 3227 618 3302; x_wconf 86' lang='lat' dir='ltr'><strong>quo</strong></span> <span class='ocrx_word' id='word_1_198' title='bbox 646 3200 768 3302; x_wconf 82' lang='lat' dir='ltr'><strong>sagittas</strong></span> <span class='ocrx_word' id='word_1_199' title='bbox 797 3203 1091 3285; x_wconf 81' lang='lat' dir='ltr'><strong>Massicossensrum</strong></span> <span class='ocrx_word' id='word_1_200' title='bbox 1105 3193 1120 3233; x_wconf 44' lang='lat'><strong>&#39;¹</strong></span> 
     </span>
     <span class='ocr_line' id='line_1_28' title="bbox 32 3298 1090 3405; baseline 0.009 -33"><span class='ocrx_word' id='word_1_201' title='bbox 32 3306 37 3322; x_wconf 88' lang='grc'><em>“</em></span> <span class='ocrx_word' id='word_1_202' title='bbox 92 3312 94 3316; x_wconf 81' lang='grc'>’</span> <span class='ocrx_word' id='word_1_203' title='bbox 123 3298 279 3375; x_wconf 76' lang='lat' dir='ltr'><strong>obdudias</strong></span> <span class='ocrx_word' id='word_1_204' title='bbox 292 3303 426 3376; x_wconf 90' lang='lat' dir='ltr'><strong>vidimus</strong></span> <span class='ocrx_word' id='word_1_205' title='bbox 441 3302 576 3405; x_wconf 83' lang='lat' dir='ltr'><strong>etquod</strong></span> <span class='ocrx_word' id='word_1_206' title='bbox 594 3304 723 3376; x_wconf 81' lang='lat' dir='ltr'><strong>illorum</strong></span> <span class='ocrx_word' id='word_1_207' title='bbox 743 3305 850 3377; x_wconf 80' lang='lat' dir='ltr'><strong>astutia</strong></span> <span class='ocrx_word' id='word_1_208' title='bbox 874 3328 933 3400; x_wconf 87' lang='lat' dir='ltr'><strong>pro</strong></span> <span class='ocrx_word' id='word_1_209' title='bbox 956 3330 1090 3386; x_wconf 83' lang='lat' dir='ltr'><strong>veneno</strong></span> 
     </span>
     <span class='ocr_line' id='line_1_29' title="bbox 125 3400 1090 3507; baseline 0.002 -33"><span class='ocrx_word' id='word_1_210' title='bbox 125 3400 218 3501; x_wconf 85' lang='lat' dir='ltr'><strong>nobis</strong></span> <span class='ocrx_word' id='word_1_211' title='bbox 234 3404 432 3490; x_wconf 79' lang='lat' dir='ltr'><strong>venditabat,</strong></span> <span class='ocrx_word' id='word_1_212' title='bbox 456 3429 495 3478; x_wconf 82' lang='lat' dir='ltr'><strong>ex</strong></span> <span class='ocrx_word' id='word_1_213' title='bbox 513 3408 655 3505; x_wconf 86' lang='lat' dir='ltr'><strong>inocarpi</strong></span> <span class='ocrx_word' id='word_1_214' title='bbox 670 3401 762 3477; x_wconf 89' lang='lat' dir='ltr'><strong>succo</strong></span> <span class='ocrx_word' id='word_1_215' title='bbox 786 3409 900 3502; x_wconf 86' lang='lat' dir='ltr'><strong>pariter</strong></span> <span class='ocrx_word' id='word_1_216' title='bbox 922 3417 1090 3507; x_wconf 71' lang='lat' dir='ltr'><strong>priepara.</strong></span> 
     </span>
     <span class='ocr_line' id='line_1_30' title="bbox 124 3503 1092 3602; baseline 0.009 -26"><span class='ocrx_word' id='word_1_217' title='bbox 124 3518 196 3578; x_wconf 82' lang='lat' dir='ltr'><strong>tom</strong></span> <span class='ocrx_word' id='word_1_218' title='bbox 211 3506 284 3576; x_wconf 81' lang='lat' dir='ltr'><strong>erat.</strong></span> <span class='ocrx_word' id='word_1_219' title='bbox 336 3510 468 3578; x_wconf 87' lang='lat' dir='ltr'><strong>Nomen</strong></span> <span class='ocrx_word' id='word_1_220' title='bbox 490 3505 605 3579; x_wconf 85' lang='lat' dir='ltr'><strong>arbutis</strong></span> <span class='ocrx_word' id='word_1_221' title='bbox 630 3503 712 3602; x_wconf 86' lang='lat' dir='ltr'><strong>apud</strong></span> <span class='ocrx_word' id='word_1_222' title='bbox 729 3505 982 3580; x_wconf 84' lang='lat' dir='ltr'><strong>Massicolseoses</strong></span> <span class='ocrx_word' id='word_1_223' title='bbox 1004 3515 1092 3588; x_wconf 74' lang='lat' dir='ltr'><strong>Nias</strong></span> 
     </span>
     <span class='ocr_line' id='line_1_31' title="bbox 124 3603 1087 3705; baseline 0.002 -30"><span class='ocrx_word' id='word_1_224' title='bbox 124 3603 233 3691; x_wconf 75' lang='lat' dir='ltr'><strong>audit,</strong></span> <span class='ocrx_word' id='word_1_225' title='bbox 282 3605 365 3700; x_wconf 86' lang='lat' dir='ltr'><strong>apud</strong></span> <span class='ocrx_word' id='word_1_226' title='bbox 414 3605 532 3678; x_wconf 85' lang='lat' dir='ltr'><strong>insulae</strong></span> <span class='ocrx_word' id='word_1_227' title='bbox 574 3607 711 3678; x_wconf 81' lang='lat' dir='ltr'><strong>Tannae</strong></span> <span class='ocrx_word' id='word_1_228' title='bbox 746 3605 908 3705; x_wconf 82' lang='lat' dir='ltr'><strong>indigenas</strong></span> <span class='ocrx_word' id='word_1_229' title='bbox 952 3615 1087 3690; x_wconf 74' lang='lat' dir='ltr'><strong>Emmcr,</strong></span> 
     </span>
    </p>
   </div>
   <div class='ocr_carea' id='block_1_7' title="bbox 17 3704 1088 3804">
    <p class='ocr_par' dir='ltr' id='par_1_7' title="bbox 17 3704 1088 3804">
     <span class='ocr_line' id='line_1_32' title="bbox 17 3704 1088 3804; baseline 0.006 -25"><span class='ocrx_word' id='word_1_230' title='bbox 17 3743 18 3747; x_wconf 39' lang='lat'>¹</span> <span class='ocrx_word' id='word_1_231' title='bbox 59 3712 64 3718; x_wconf 83' lang='grc'><strong>’</strong></span> <span class='ocrx_word' id='word_1_232' title='bbox 125 3710 317 3802; x_wconf 82' lang='lat' dir='ltr'><strong>lnocarpssm</strong></span> <span class='ocrx_word' id='word_1_233' title='bbox 332 3704 489 3779; x_wconf 87' lang='lat' dir='ltr'><strong>arboribus</strong></span> <span class='ocrx_word' id='word_1_234' title='bbox 503 3707 594 3780; x_wconf 86' lang='lat' dir='ltr'><strong>cultis</strong></span> <span class='ocrx_word' id='word_1_235' title='bbox 609 3712 641 3776; x_wconf 89' lang='lat' dir='ltr'><strong>io</strong></span> <span class='ocrx_word' id='word_1_236' title='bbox 658 3707 742 3777; x_wconf 88' lang='lat' dir='ltr'><strong>hisce</strong></span> <span class='ocrx_word' id='word_1_237' title='bbox 761 3708 940 3804; x_wconf 75' lang='lat' dir='ltr'><strong>regionibus</strong></span> <span class='ocrx_word' id='word_1_238' title='bbox 957 3717 1012 3782; x_wconf 84' lang='lat' dir='ltr'><strong>vix</strong></span> <span class='ocrx_word' id='word_1_239' title='bbox 1025 3713 1088 3786; x_wconf 84' lang='lat' dir='ltr'><strong>ad-</strong></span> 
     </span>
    </p>
   </div>
   <div class='ocr_carea' id='block_1_8' title="bbox 122 3800 1012 3896">
    <p class='ocr_par' dir='ltr' id='par_1_8' title="bbox 122 3800 1012 3896">
     <span class='ocr_line' id='line_1_33' title="bbox 122 3800 1012 3896; baseline 0.015 -19"><span class='ocrx_word' id='word_1_240' title='bbox 122 3824 342 3896; x_wconf 83' lang='lat' dir='ltr'><strong>numerarem,</strong></span> <span class='ocrx_word' id='word_1_241' title='bbox 366 3803 421 3881; x_wconf 79' lang='lat' dir='ltr'><strong>etsi</strong></span> <span class='ocrx_word' id='word_1_242' title='bbox 433 3816 469 3880; x_wconf 86' lang='lat' dir='ltr'><strong>in</strong></span> <span class='ocrx_word' id='word_1_243' title='bbox 490 3806 643 3883; x_wconf 81' lang='lat' dir='ltr'><strong>societatis</strong></span> <span class='ocrx_word' id='word_1_244' title='bbox 656 3803 764 3883; x_wconf 82' lang='lat' dir='ltr'><strong>insulis</strong></span> <span class='ocrx_word' id='word_1_245' title='bbox 783 3800 869 3886; x_wconf 85' lang='lat' dir='ltr'><strong>sorte</strong></span> <span class='ocrx_word' id='word_1_246' title='bbox 881 3809 1012 3890; x_wconf 75' lang='lat' dir='ltr'><strong>solinu.</strong></span> 
     </span>
    </p>
   </div>
   <div class='ocr_carea' id='block_1_9' title="bbox 974 3991 1086 4092">
    <p class='ocr_par' dir='ltr' id='par_1_9' title="bbox 974 3991 1086 4092">
     <span class='ocr_line' id='line_1_34' title="bbox 974 3991 1086 4092; baseline 0.036 -4"><span class='ocrx_word' id='word_1_247' title='bbox 974 3991 1086 4092; x_wconf 68' lang='lat' dir='ltr'><strong>Arbor</strong></span> 
     </span>
    </p>
   </div>
   <div class='ocr_carea' id='block_1_10' title="bbox 0 0 1270 4448">
    <p class='ocr_par' dir='ltr' id='par_1_10' title="bbox 0 0 1270 4448">
     <span class='ocr_line' id='line_1_35' title="bbox 0 0 1270 4448; baseline 0 0"><span class='ocrx_word' id='word_1_248' title='bbox 0 0 1270 4448; x_wconf 95' lang='lat' dir='ltr'><strong> </strong></span> 
     </span>
    </p>
   </div>
  </div>
 </body>
</html>
