2528 4448
70 560 72 564 ·
115 520 247 609 oleum,
271 516 445 604 blandum,
469 543 607 618 purum,
627 515 739 603 dulce,
767 522 857 590 variis
880 515 1006 607 ferculis
1021 519 1078 593 ad·

116 621 333 707 miscendum,
357 647 416 692 nec
432 646 501 692 non
517 619 556 690 ad
572 619 642 690 usus
656 620 797 690 medicos
819 621 1077 695 cundios'idone'·

113 749 195 813 um,
213 727 265 797 ubi
282 725 390 797 oleum
415 721 663 821 amygdalorum
684 719 824 793 adhiberi
846 722 935 798 lolet.
986 731 1077 797 luco·

116 827 174 900 lne'
194 830 375 925 praeprimis
399 822 516 913 insulae
538 825 671 893 Taheiti
687 844 717 894 et
739 823 949 917 adjacentium
963 823 1076 896 insula·
1181 824 1184 829 ’

112 951 186 1002 rum
210 932 372 999 Societatis
387 928 487 997 hocce
507 925 789 1012 oleumimbutum
806 923 954 1006 odoribus
969 932 1073 1017 variis.
1182 970 1185 981 «

113 1055 252 1130 quorum
269 1022 518 1120 pretiostllimus,
545 1020 870 1123 etfragrnntiffimuse
888 1026 978 1127 liguo
994 1012 1071 1099 San·

81 1206 86 1226 p
109 1130 167 1220 tali
184 1130 375 1211 extrahitur,
408 1151 466 1223 pro
483 1147 648 1226 unguento
671 1125 813 1198 caesariei
828 1127 891 1200 five
905 1131 1002 1206 etiarn
1017 1150 1069 1200 to·
1164 1202 1167 1212 ,

113 1237 175 1303 tim
193 1234 335 1326 corporis
353 1224 513 1326 usurpant,
533 1227 712 1327 eodemque
726 1234 837 1299 omnin
851 1229 994 1301 membra
1005 1248 1073 1303 cresi

113 1331 172 1403 bro
188 1327 356 1429 perfricare
372 1325 484 1400 solent.
558 1325 667 1424 ipsum
681 1335 768 1400 nucis
786 1350 955 1429 putamen,
972 1325 1075 1402 duris·

111 1431 228 1505 fimum
252 1436 287 1501 in
308 1427 434 1513 adulta,
461 1438 494 1499 in
523 1434 644 1522 juniore
660 1448 768 1502 tamen
786 1453 860 1503 autc
876 1430 980 1502 nuclei
1006 1430 1073 1527 iot·

112 1540 292 1604 mationem
317 1530 439 1618 molle,
468 1528 562 1602 instar
587 1531 725 1603 caulium
748 1531 891 1604 brafficac
906 1531 1000 1605 edule
1019 1530 1072 1603 cli.

70 1644 74 1651 “
112 1631 292 1704 Omnium‘
321 1653 396 1701 otro
423 1629 606 1725 palmarum
621 1657 677 1703 cor
702 1633 764 1729 siue
778 1657 871 1730 caput
895 1653 930 1705 ut
947 1651 1075 1720 vocant3

112 1733 155 1804 ad
172 1737 275 1803 trunci
291 1657 524 1815 iirmmitatem,
553 1729 646 1826 pedes
671 1732 763 1814 binos
778 1733 904 1804 veltres
921 1735 1074 1834 longum,¹

109 1831 289 1907 rudimenta
316 1824 483 1903 frondium
513 1850 544 1902 et
580 1822 863 1904 fntelilicationum
891 1841 968 1906 anni
993 1833 1073 1907 inse·

112 1939 236 2036 quentis
260 1933 386 2003 laminir
408 1923 590 2002 tenuissimis
609 1930 789 2004 convolutis
804 1927 939 2021 fovent,
965 1941 1071 2036 itaque

111 2061 173 2136 pro
200 2056 329 2133 gemma
359 2055 432 2104 vere
462 2033 661 2121 habendum,
698 2040 858 2133 optimum
883 2037 1073 2110 alimentum

111 2136 257 2236 praebet,
283 2139 358 2205 nuci
373 2133 475 2226 coryli
496 2131 655 2206 avellanae
678 2156 710 2211 et
725 2137 905 2234 pedunculo
927 2134 1071 2210 braffieae

112 2232 292 2310 enulillorae
308 2234 451 2332 palmam
467 2239 619 2332 eripiens3
642 2230 696 2306 sed
720 2239 783 2307 hoc
803 2231 868 2308 line
885 2238 1003 2308 arboris
1018 2238 1073 2309 de·

113 2336 286 2409 nrumone
302 2336 436 2406 obtineri
455 2358 523 2407 non
541 2333 653 2433 potell.
728 2341 777 2410 De
800 2343 877 2409 vino
892 2337 1072 2438 palmarum

113 2435 201 2539 quod
218 2437 380 2536 colligitur
394 2461 411 2507 e
426 2433 556 2533 spadicis
572 2433 691 2508 nedum
706 2445 807 2536 erupti
823 2434 972 2528 vulnere,
995 2464 1073 2512 cunr

114 2539 148 2612 id
176 2542 357 2610 hominibus
384 2536 542 2610 auilraliac
570 2537 653 2610 haud
679 2544 873 2629 innotuerit,
911 2560 947 2613 ut
976 2560 1008 2614 et
1033 2541 1104 2614 de'-

96 2641 284 2735 ¹multiplici
300 2646 459 2722 materiei,
483 2636 660 2726 frondium,
679 2631 886 2730 foliolorum,
909 2642 1072 2726 fibrarum,
1188 2697 1192 2711 .

80 2745 83 2752 ’
111 2763 294 2836 utrcumque
321 2736 360 2806 ad
389 2763 458 2811 rem
485 2736 676 2812 familiarem
701 2760 734 2811 et
761 2748 977 2821 mechanicam
1016 2738 1073 2815 usu

113 2861 318 2939 quaecuuque
333 2833 433 2909 differi
452 2824 592 2934 pollent,
619 2859 730 2938 utpote
745 2845 821 2911 citra
839 2841 980 2913 nostrum
997 2868 1073 2940 pro·

114 2937 253 3039 positum
276 2936 548 3034 praetermittenda
579 2940 663 3020 suut,
735 2934 977 3022 Tahciteulibu‘s
998 2949 1071 3032 Art',
1145 3005 1146 3009 ,
1247 2925 1256 2954 ⁵

116 3066 212 3130 nuces
226 3043 364 3135 juniores
383 3049 473 3115 Nia„

113 3264 165 3336 ιγ.
178 3245 358 3325 'contrua
378 3230 686 3319 vunnucvrrrrnu
702 3246 794 3320 Linn.
869 3222 871 3227 ’

158 3415 161 3420 v
228 3376 273 3454 C.
294 3376 486 3464 frondibus
510 3379 685 3474 pinnato·
710 3375 899 3472 palmatis,
931 3374 1074 3474 plicatis

249 3474 406 3574 ‘filoque
422 3480 628 3573 interjectis,
645 3478 821 3578 stipitibus
835 3479 988 3578 ciliato»
1004 3480 1075 3575 spi·
1182 3534 1185 3539 .

262 3574 368 3653 mm
417 3583 715 3679 Mmfflpmn
836 3586 839 3607 ¹
953 3577 956 3583 '

122 3690 128 3788 i
175 3747 292 3820 Huius
306 3741 423 3820 folium
448 3748 544 3823 semel
568 3747 631 3821 vidi
648 3754 682 3822 in
699 3713 874 3836 Waitahu‚
900 3742 963 3820 stre
984 3747 1076 3819 Chri·
1174 3694 1176 3699 i

119 3849 218 3924 llinae
242 3845 339 3920 insula
360 3853 548 3952 arehipclagi
571 3840 764 3924 marchionis·
785 3848 982 3937 mendorum
1010 3844 1078 3948 pals

120 3978 211 4043 mam
226 3947 329 4052 ipsam
345 3947 473 4040 deinde,
498 3952 665 4058 setlmintu
681 3951 880 4052 frequentem
896 3959 932 4025 in
943 3952 1080 4050 Tonga·

585 4058 645 4140 l)
1000 4051 1091 4141 tabu„
1184 4094 1188 4101 -
