2528 4448
182 294 235 381 ιο
556 278 764 403 fiili&
948 408 951 421 μ

177 487 256 562 rire
276 479 442 578 quidem
477 497 600 572 eoque
623 474 824 553 machinam
845 476 1038 554 animalem
1056 499 1140 575 pet-

175 586 298 681 pe'tuo
314 577 505 665 resarcire,
537 575 600 653 sed
622 596 694 671 pto
715 575 855 654 diversa
868 579 1138 676 principiorum
1182 634 1185 639 ·

178 686 219 761 in
233 682 413 758 alimentis
431 679 576 755 miscela
592 674 867 755 diverfiffimum
889 674 1062 773 prolubio
1077 681 1139 756 ha·

176 783 298 864 bitum
314 781 723 864 nanciscialieruerunt,
749 779 852 854 cuiue
873 779 983 857 etiam
1000 787 1037 856 in
1060 784 1140 856 sen·
1189 778 1193 845 ζ

179 884 238 960 lus
262 884 430 969 internos
457 880 679 957 reabiiouem
704 879 924 956 manifestam
955 879 1058 955 fimili
1082 905 1140 958 ra-

176 985 283 1060 tione
300 983 516 1081 contingere
532 981 695 1056 arbitrati
711 982 812 1069 sunt,
834 1003 907 1075 qua
923 1002 1068 1058 mutato
1084 983 1139 1055 in·
1187 982 1190 989 '

178 1086 468 1174 strumentorum
489 1081 756 1168 mechanisma,
793 1080 986 1158 effeauum
1013 1081 1137 1156 discri-

176 1187 278 1284 mina
300 1186 338 1260 in
359 1181 536 1280 operibus
561 1181 723 1258 humano
752 1180 909 1258 artib'cio
938 1183 1138 1259 elaboratis
1161 1204 1164 1210 ·

178 1284 648 1387 planu'deprebenduntur.
718 1282 964 1360 Adduxerunt
979 1283 1139 1361 inhuius

179 1387 366 1465 dobirinae
389 1382 637 1471 delenfionem
652 1385 824 1480 exempla
840 1389 1059 1459 morborum
1077 1395 1142 1460 va·‘

178 1490 223 1579 rii
241 1486 405 1584 generis,
433 1505 593 1580 quorum
607 1483 693 1559 funs
715 1504 754 1561 et
770 1488 880 1584 origo
896 1484 1036 1560 sublato
1060 1486 1141 1561 ele·
1167 1474 1169 1478 '

87 1642 89 1647 ·
177 1606 392 1667 mentorum
417 1585 529 1658 nostri
550 1588 720 1677 corporis
737 1586 953 1680 aequilibrio
969 1585 1142 1676 debetur,

87 1736 89 1743 ·
178 1683 420 1764 sanandorum
433 1702 555 1771 autem
570 1687 667 1760 ratio
684 1689 722 1760 in
738 1685 879 1765 eodem·
889 1707 1031 1768 mutata¹
1041 1688 1144 1766 diae·

181 1785 491 1883 taadhibitisque
520 1787 693 1862 remediis
715 1784 920 1863 efficacibus
948 1780 1144 1865 restituen-

181 1888 234 1966 do
249 1887 413 1964 sonfistit.
477 1882 580 1962 Tum
602 1888 639 1961 iu
657 1888 819 1983 medium
836 1910 954 1983 porro
972 1892 1144 1984 protule·
1175 1969 1178 1974 ,

181 2005 271 2067 runt
286 1988 393 2062 animi
410 1984 554 2062 aueum
568 1985 719 2065 bouvel
735 1989 803 2071 illo
818 1989 904 2065 cibo
927 2010 1069 2087 potuve
1085 1992 1145 2065 in·
1190 2045 1193 2051 .

183 2087 331 2165 turdum
346 2087 491 2185 sopitos
506 2104 567 2162 aut
583 2088 838 2172 exsuscitatum
859 2112 928 2166 nec
947 2115 1023 2166 non
1041 2091 1148 2167 deni·
1188 2173 1191 2178 ,

185 2211 259 2286 que
277 2191 375 2264 inter
391 2205 453 2264 tot
465 2190 630 2288 gentium
647 2186 877 2288 diversrllrma
892 2192 1049 2290 ingenia,
1076 2195 1149 2268 mi·

186 2287 359 2367 tiffimum
376 2288 632 2388 phytipbagis,
658 2311 768 2368 auox
785 2313 824 2368 et
839 2293 1050 2368 bellicosum
1069 2294 1151 2371 sola
1186 2304 1193 2315 ”

111 2454 118 2469 ,
189 2412 300 2469 carue
312 2389 539 2466 vescentibus
551 2393 769 2466 tribuerunt.
818 2391 917 2475 ¹Cum
940 2413 1063 2470 autem
1079 2394 1153 2471 stn·

191 2491 297 2589 gula,
315 2488 446 2582 quibus
463 2488 552 2566 baec
565 2493 696 2587 opinio
712 2490 830 2567 fulciti
845 2492 939 2568 solet
953 2517 1153 2593 argumen-

191 2607 250 2675 ta,
282 2589 367 2684 post
387 2586 577 2665 Hallerum
598 2590 724 2667 denuo
748 2593 937 2672 recensere
953 2596 1001 2692 (⁴)
1022 2596 1156 2690 super·

191 2708 446 2769 vacaneumet
458 2691 547 2766 citra
564 2689 668 2786 huius
685 2693 827 2788 opellae
846 2695 1078 2792 propositum
1091 2697 1157 2773 fo·

193 2808 274 2878 ret,
294 2788 334 2869 id
348 2813 478 2880 uuum,
511 2789 618 2869 miffis
633 2795 850 2871 couiebluris
870 2797 1050 2875 fallacibus
1064 2797 1158 2874 adii·

196 2894 308 2978 ciam,
343 2892 388 2968 ad
410 2895 672 2970 immutandum
696 2913 829 2994 typum
854 2899 1069 2974 varietatum
1085 2898 1159 2977 hu·

198 3015 409 3078 manarum,
443 3015 493 3068 ex
529 2996 845 3073 observationibus
877 2997 1039 3094 superius
1062 3020 1161 3078 enu-

197 3093 369 3178 meratis,
401 3114 480 3168 non
503 3093 597 3169 adeo
619 3096 821 3175 notabilem
834 3098 903 3176 effe
917 3099 1075 3177 interris
1090 3125 1161 3178 au·

201 3190 775 3277 stralibusciborumefficaciam.
999 3200 1008 3224 ““

299 3395 448 3473 Plantae
470 3395 509 3470 iu
529 3399 658 3474 oceani
680 3397 971 3477 australisinsulis
993 3398 1162 3477 esculen-

204 3509 263 3573 tae
279 3497 538 3598 quinquaginta
550 3506 711 3595 quatuor
722 3502 761 3574 in
778 3500 984 3580 universum
999 3501 1086 3578 mihi
1103 3503 1160 3577 in·

204 3612 428 3681 notuerunt,
460 3619 612 3695 quarum
637 3601 767 3699 viginti
793 3599 857 3678 sex
882 3618 968 3680 ante
990 3605 1160 3681 nollrum

205 3697 282 3775 iter
302 3695 480 3775 botanicis
501 3698 712 3800 incognitos
733 3718 849 3781 aaut.
921 3701 1061 3783 Harum
1077 3705 1162 3777 uni·

1051 3916 1054 3921 ·
1077 3825 1165 3884 Ver·

249 4009 296 4095 ζ’)
315 4009 482 4103 Pbyfiolog.
493 4014 586 4085 Tota.
598 4013 654 4087 ill.
668 4015 734 4088 lab.
748 4018 803 4086 lli.
824 4014 936 4097 Sobr-
