2528 4448
108 286 161 371 rr
435 274 641 390 Q

185 497 264 551 surr.
285 470 957 573 insinguloloculamentocirciterseptem,
983 478 1091 554 arilia

110 576 165 655 seu
200 576 417 650 membranula
455 577 621 647 involuta
683 596 719 646 ut
752 581 880 648 unicum
923 577 1093 671 crederes,

67 731 71 737 -
114 699 190 767 atra,
210 678 329 778 glabra,
349 673 557 763 semihmaria,
582 682 741 776 triquetra.

188 852 259 903 ors.
276 827 443 898 Charaiier
455 835 618 926 generieur
635 831 814 900 Dracaenae
834 831 869 896 in
891 830 991 900 hasce
1011 828 1092 902 duaa

115 928 248 1030 species.‚
296 932 339 999 D.
368 928 568 1001 terminalem
591 935 672 1000 Linn
708 927 738 997 et¹
761 932 803 998 D.
829 927 1001 1000 indivisam
1030 958 1093 1002 no-

117 1031 217 1104 stram.
246 1054 314 1100 non
329 1027 465 1127 perfee‘ie
483 1029 627 1127 quadrat,
651 1031 869 1127 quumharum
885 1031 1002 1101 baccae
1021 1035 1093 1129 pia·
1148 1054 1150 1107 i

118 1126 387 1228 nepolyspermae
404 1129 482 1211 sint,
510 1153 699 1229 quarrameu
718 1125 892 1224 trispermas
908 1134 1094 1205 charariter

121 1239 282 1343 generiem
305 1237 390 1302 iuxta
406 1229 605 1302 noviffimam
630 1230 807 1324 systematis
834 1234 994 1301 Liuneani
1012 1231 1096 1303 Edi-

119 1341 243 1406 rionem
261 1334 403 1402 Xinam
419 1359 450 1429 p.
466 1357 526 1418 311.
541 1358 600 1420 333.
617 1325 751 1430 requirit.
801 1334 894 1403 Forte
908 1337 989 1401 haec
1011 1356 1096 1405 nota
1148 1400 1150 1439 Ι

121 1442 162 1506 D.
181 1439 322 1506 Draconi
338 1430 397 1504 soli
411 1440 586 1532 comperit3
621 1432 672 1502 vel
691 1437 786 1502 etiam
802 1458 861 1528 pro
876 1441 971 1504 unico
994 1431 1096 1505 serni·
1148 1450 1150 1479 ²

123 1563 164 1608 ne
180 1528 349 1605 habebatur
363 1534 468 1604 arilina
484 1533 650 1604 seurmibus
668 1527 790 1606 fare‘iua
869 1542 959 1625 Anne
984 1527 1095 1606 effen·

99 1636 202 1730 'tiaiis
224 1631 398 1702 differentia
418 1641 498 1703 inter
513 1631 680 1732 Asparagi,
714 1629 954 1737 Dracaenaeque
970 1661 1097 1735 genera

122 1741 160 1810 in
175 1739 274 1807 hocce
301 1734 393 1806 arilio
410 1733 568 1806 consistit?

115 1963 178 2038 34.
194 1959 317 2012 annea
335 1957 536 2024 oreaacea.
552 1935 658 2010 Lirin.
763 1937 765 1942 ’

187 2134 202 2174 4
225 2085 269 2163 A.
283 2085 421 2160 foliolis
436 2085 681 2185 integerrimis
702 2083 858 2163 Mul)
874 2104 909 2180 p.
920 2090 1006 2177 986.
1015 2095 1092 2165 na

201 2239 296 2309 Hanc
325 2235 469 2308 arborem
497 2232 593 2309 semei
618 2234 752 2309 vidimus
778 2241 811 2304 in
839 2238 936 2305 hortis
966 2232 1093 2310 insulae

129 2341 285 2424 Tannae,
317 2333 455 2409 sedtum
473 2344 624 2435 temporis
648 2362 749 2436 neque
769 2333 956 2424 florentem,
984 2364 1094 2439 neque

129 2437 248 2513 sruiius
273 2432 496 2534 proferentem.
574 2442 648 2508 Veri
675 2460 781 2508 tamen
802 2435 1003 2508 simillimum
1033 2439 1092 2527 est,

129 2539 264 2610 eandem
280 2555 415 2633 ¹propter
438 2535 599 2609 fruiiuum
622 2535 662 2606 ad
683 2563 751 2607 rem
771 2537 917 2608 cibariam
937 2535 1032 2611 usum
1051 2541 1093 2611 ab

79 2630 83 2637 ’
129 2637 246 2711 incolis
262 2636 378 2706 cultam
398 2632 496 2714 fuisse.
576 2642 650 2708 Eius
667 2662 794 2736 gemma
810 2636 885 2709 ficut
902 2639 1095 2734 praeceden-

129 2745 169 2811 tis
185 2743 361 2811 Draeaenae
377 2757 409 2810 et
423 2744 570 2809 omnium
587 2737 781 2837 palmarum,
806 2736 905 2810 edulia
920 2735 982 2823 est,
1017 2739 1096 2822 dul·

131 2845 176 2913 cir
191 2860 221 2910 et
244 2837 424 2923 delicaruia,
455 2859 604 2939 tanquam
626 2835 768 2910 brassicae
784 2839 885 2910 caules
905 2846 1096 2930 teneriores,

60 2990 64 3005 r
131 2961 184 3013 aut
199 2943 340 3033 Cynarae
353 2943 592 3037 receptaculum.
638 2942 689 3011 Ob
703 2935 861 3011 defediuru
874 2934 1097 3015 florescentiae

133 3039 268 3112 eandem
288 3038 416 3110 ulterius
438 3047 617 3110 examinare
643 3066 712 3110 non
733 3050 913 3139 potuimur3
943 3038 986 3110 ad*
1007 3045 1097 3115 hane

132 3139 268 3240 speciem
294 3137 527 3211 emendandam
546 3137 627 3227 effe,
657 3167 698 3214 ex
721 3141 793 3219 cer.
819 3145 960 3240 lacquini
976 3136 1097 3237 deseri«,

134 3248 247 3340 ptione
264 3237 487 3338 conelufimus.

136 3441 183 3515 35.
195 3444 318 3500 aaron
332 3423 672 3507 annuntiantur.

235 3558 479 3634 n.a--...
538 3624 540 3628 ,

175 3689 177 3698 ’
208 3694 371 3790 Reperirur
397 3691 569 3790 spontanea
593 3700 630 3768 iu'
650 3720 733 3768 nova
749 3695 919 3795 Zeelandia
936 3667 1036 3800 usque
1053 3702 1097 3777 ad

132 3788 317 3866 aestuarium
332 3796 358 3863 C
361 3795 511 3869 harlnrrae
532 3802 672 3894 reginae,
699 3816 730 3867 er
745 3795 891 3897 frequens
903 3806 937 3869 in
954 3797 1097 3875 Norfoi·

135 3895 200 3965 riae
220 3893 319 3969 insula
339 3891 467 4013 deserta.
526 3901 629 3973 Huius
641 3905 808 4002 praecipue
822 3902 889 3973 Cor
907 3899 970 3976 five
984 3904 1097 4023 Caput

1057 4029 1096 4078 m
